% references for cataracts final report
%% Saved with string encoding Unicode (UTF-8)


@book{BMLR2021,
  author = {Roback, P. and Legler, J.},
  title = {Beyond Multiple Linear Regression. Applied Generalized Linear Models and Multilevel Models in R},
  publisher = {CRC Press},
  year = {2021},
  edition = {Second ed.},
  url = {https://bookdown.org/roback/bookdown-BeyondMLR/}}


@book{CDA,
  author = {Agresti, A.},
  title = {Categorical Data Analysis},
  publisher = {John Wiley \& Sons},
  year = {2013},
  edition = {Third ed.}
}


@book{BDA,
  author = {Gelman, A. and Carlin, J. and Stern, H. and Dunson, D. and Vehtari, A. and Rubin, D.},
  title = {Bayesian Data Analysis},
  publisher = {CRC Press},
  year = {2014},
  edition = {Third ed.}
}


@article{mice2017,
  author = {Chernyavskiy, P. and Edmondson, E. F. and Weil, M. M. and Little, M. P.},
  title = {High-energy particle beam and gamma radiation exposure, familial relatedness and cancer in mice},
  journal = {British journal of cancer},
  volume = {117},
  number = {1},
  pages = {41--50},
  year = {2017},
  url = {https://www.nature.com/articles/bjc2017141}
}

@Manual{DiMaggio,
  title = {Bayesian Analysis for Epidemiologists III: Regression Modeling},
  author = {DiMaggio, C. and Albert, J. and Spiegelhalter, D. and Best, N. and Gelman, A. and Carstensen, B. and Guerrin, L. and Jensen, S.},
  year = {2015},
  note = {Center for Injury Epidemiology and Prevention at Columbia University},
  url = {http://www.columbia.edu/~cjd11/charles_dimaggio/DIRE/styled-4/styled-11/code-8/#bayesian-regression-modeling-with-bugs-or-jags}}

@Manual{R-emmeans,
  title = {emmeans: Estimated Marginal Means, aka Least-Squares Means},
  author = {Russell V. Lenth},
  year = {2022},
  note = {R package version 1.7.4-1},
  url = {https://github.com/rvlenth/emmeans},
}

@Manual{R-lme4,
  title = {lme4: Linear Mixed-Effects Models using Eigen and S4},
  author = {Douglas Bates and Martin Maechler and Ben Bolker and Steven Walker},
  year = {2022},
  note = {R package version 1.1-29},
  url = {https://github.com/lme4/lme4/},
}

@Article{lme42015,
  title = {Fitting Linear Mixed-Effects Models Using {lme4}},
  author = {Douglas Bates and Martin M{\"a}chler and Ben Bolker and Steve Walker},
  journal = {Journal of Statistical Software},
  year = {2015},
  volume = {67},
  number = {1},
  pages = {1--48},
  doi = {10.18637/jss.v067.i01},
}

@Manual{R-rjags,
  title = {rjags: Bayesian Graphical Models using MCMC},
  author = {Martyn Plummer},
  year = {2022},
  note = {R package version 4-13},
  url = {https://mcmc-jags.sourceforge.io},
}
